<record><leader>00000cas a22000007a 4500</leader><controlfield tag="001">14174742</controlfield><controlfield tag="008">860903d186518uulauir ne      0   a0eng d</controlfield><datafield ind1=" " ind2=" " tag="010"><subfield code="a">sn 86053661 </subfield></datafield><datafield ind1=" " ind2=" " tag="040"><subfield code="a">NPX</subfield><subfield code="b">eng</subfield><subfield code="c">NPX</subfield><subfield code="d">LNP</subfield><subfield code="d">MGN</subfield><subfield code="d">LNP</subfield><subfield code="d">OCLCQ</subfield><subfield code="d">OCLCF</subfield><subfield code="d">DLC</subfield></datafield><datafield ind1="0" ind2=" " tag="022"><subfield code="a">2377-7141</subfield><subfield code="2">1</subfield></datafield><datafield ind1=" " ind2=" " tag="042"><subfield code="a">msc</subfield><subfield code="a">nsdp</subfield></datafield><datafield ind1=" " ind2=" " tag="043"><subfield code="a">n-us-la</subfield></datafield><datafield ind1="0" ind2="0" tag="050"><subfield code="a">Newspaper</subfield></datafield><datafield ind1="0" ind2="0" tag="082"><subfield code="a">071</subfield><subfield code="2">23</subfield></datafield><datafield ind1=" " ind2="0" tag="222"><subfield code="a">Baton Rouge tri-weekly gazette &amp; comet</subfield><subfield code="b">(Print)</subfield></datafield><datafield ind1="0" ind2="0" tag="245"><subfield code="a">Baton Rouge tri-weekly gazette &amp; comet.</subfield></datafield><datafield ind1="3" ind2="0" tag="246"><subfield code="a">Weekly gazette and comet</subfield></datafield><datafield ind1="1" ind2="3" tag="246"><subfield code="a">Gazette &amp; comet</subfield></datafield><datafield ind1=" " ind2=" " tag="260"><subfield code="a">Baton Rouge, La. :</subfield><subfield code="b">J.C. Charrotte, T.B.R. Hatch, G.A. Pike</subfield></datafield><datafield ind1=" " ind2=" " tag="300"><subfield code="a">v.</subfield></datafield><datafield ind1=" " ind2=" " tag="310"><subfield code="a">Triweekly</subfield></datafield><datafield ind1="0" ind2=" " tag="362"><subfield code="a">Vol. 47, no. 1 (July 1, 1865)-</subfield></datafield><datafield ind1=" " ind2=" " tag="500"><subfield code="a">On Saturday published as: Weekly gazette and comet, Jan. 27, 1866-&lt;June 27, 1868&gt;</subfield></datafield><datafield ind1=" " ind2=" " tag="500"><subfield code="a">Editor: Thomas B.R. Hatch, &lt;1866&gt;.</subfield></datafield><datafield ind1=" " ind2=" " tag="525"><subfield code="a">Has occasional supplements.</subfield></datafield><datafield ind1=" " ind2=" " tag="530"><subfield code="a">Archived issues are available in digital format from the Library of Congress Chronicling America online collection.</subfield></datafield><datafield ind1=" " ind2="0" tag="651"><subfield code="a">Baton Rouge (La.)</subfield><subfield code="v">Newspapers.</subfield></datafield><datafield ind1=" " ind2="7" tag="651"><subfield code="a">Louisiana</subfield><subfield code="z">Baton Rouge.</subfield><subfield code="2">fast</subfield><subfield code="0">(OCoLC)fst01205202</subfield></datafield><datafield ind1=" " ind2="7" tag="655"><subfield code="a">Newspapers.</subfield><subfield code="2">fast</subfield><subfield code="0">(OCoLC)fst01423814</subfield></datafield><datafield ind1=" " ind2=" " tag="752"><subfield code="a">United States</subfield><subfield code="b">Louisiana</subfield><subfield code="c">East Baton Rouge</subfield><subfield code="d">Baton Rouge.</subfield></datafield><datafield ind1="0" ind2="8" tag="776"><subfield code="i">Online version:</subfield><subfield code="t">Baton Rouge tri-weekly gazette &amp; comet</subfield><subfield code="x">2377-715X</subfield><subfield code="w">(DLC)  2015218569</subfield><subfield code="w">(OCoLC)904346842</subfield></datafield><datafield ind1="0" ind2="0" tag="780"><subfield code="t">Weekly gazette and comet</subfield><subfield code="w">(DLC)sn 85038555</subfield><subfield code="w">(OCoLC)12737465</subfield></datafield><datafield ind1="0" ind2="0" tag="785"><subfield code="t">Tri-weekly gazette-comet</subfield><subfield code="w">(DLC)sn 88064484</subfield><subfield code="w">(OCoLC)18099840</subfield></datafield><datafield ind1="4" ind2="1" tag="856"><subfield code="u">http://www.loc.gov/chroniclingamerica/lccn/sn86053661/issues</subfield></datafield><datafield ind1="1" ind2=" " tag="029"><subfield code="a">AU@</subfield><subfield code="b">000025793575</subfield></datafield></record>